
%***************************************************************************
%
% CreditCruncher - A portfolio credit risk valorator
% Copyright (C) 2005-2012 Gerard Torrent
%
% This program is free software; you can redistribute it and/or
% modify it under the terms of the GNU General Public License
% as published by the Free Software Foundation; either version 2
% of the License.
%
% This program is distributed in the hope that it will be useful,
% but WITHOUT ANY WARRANTY; without even the implied warranty of
% MERCHANTABILITY or FITNESS FOR A PARTICULAR PURPOSE.  See the
% GNU General Public License for more details.
%
% You should have received a copy of the GNU General Public License
% along with this program; if not, write to the Free Software
% Foundation, Inc., 59 Temple Place - Suite 330, Boston, MA 02111-1307, USA.
%
%***************************************************************************

@article{Risk:Dif_Str,
     author = "Ken Phelan and Colin Alexander",
     title = "Different strokes",
     journal = "Risk",
     year = 1999 }

@book{CreditMetrics:Tech_Doc,
     author = "Greg M. Gupton and Christopher C. Finger and Mickey Bhatia",
     title = "CreditMetrics - Technical Document",
     publisher = "J.P. Morgan \& Co. Incorporated",
     year = 1997 }

@article{cbs:glasser,
     author = "Paul Glasserman",
     title = "Probability models of credit risk",
     journal = "Columbia Business School",
     year = 2000 }

@book{var:jorion,
     author = "Philippe Jorion",
     title = "Value at Risk",
     publisher = "McGraw-Hill",
     year = 1997 }

@article{copu:wang,
     author = "Shaun S. Wang",
     title = "Aggregation of correlated risk portfolios: Models \& Algorithms",
     journal = "CAS Committee on Theory of Risk" }

@article{copu:pitfalls,
     author = "Paul Embrechts and Alexander McNeil and Daniel Straumann",
     title = "Correlation and dependence in risk management: properties and pitfalls",
     journal = "RiskLab",
     year = 1999 }

@unpublished{mc:mervyn,
     author = "Mervyn Marasinghe",
     title = "Monte Carlo methods",
     note = "Class notes for Iowa State University, Dept. of Statistics" }

@book{stats:schaum,
     author = "Murray R. Spiegel",
     title = "Estad\'istica",
     publisher = "Schaum",
     year = 1997 }

@article{quant:algor,
     author = "Jaesub Hong and Eric M. Schlegel and Jonathan E. Grindlay",
     title = "New spectral classification technique for X-ray sources: quantile analysis",
     year = 2004 }

@manual{stats:R,
     title = {R: A language and environment for statistical computing},
     author = {{R Development Core Team}},
     organization = {R Foundation for Statistical Computing},
     address = {Vienna, Austria},
     year = {2005},
     note = {{ISBN} 3-900051-07-0},
     url = {http://www.R-project.org},
}

@article{var:varbad,
     author = "Stefan R. Jaschke",
     title = "Quantile-VaR is the wrong measure to quantify market risk for regulatory purposes",
     journal = "BIS",
     year = 2001 }

@article{var:eshortfall,
     author = "Carlo Acerbi and Dirk Tasche",
     title = "Expected Shortfall: a natural coherent alternative to Value at Risk",
     journal = "BIS",
     year = 2001 }

@article{copu:pricing,
     author = "Francesco Saita and Francesca Campolongo and Elisabeth Joossens and Maria Egle Romano",
     title = "Pricing multiasset equity options with copulas: an empirical test" }

@article{copu:selecting,
     author = "Erik Kole and Kees Koedijk and Marno Verbeek",
     title = "Selecting Copulas for Risk Management",
     year = 2006 }

@book{ref:cred_risk,
     author = "Darrel Duffie and Kenneth J. Singleton",
     title = "Credit Risk. Pricing, Measurement, and Management",
     publisher = "Princeton University Press",
     year = 2003 }

@book{ref:saunders_allen,
     author = "Anthony Saunders and Linda Allen",
     title = "Credit Risk measurement. New Approaches to Value at Risk and Other Paradigms",
     publisher = "John Wiley \& Sons, Inc.",
     year = 2002 }

@book{correlations:ubs,
     author = "Douglas Lucas",
     title = "Default Correlation: From Definition to Proposed Solutions",
     publisher = "CDO Research",
     year = 2004 }

@book{correlations:cmetrics,
     author = "David X. Li",
     title = "On Default Correlation: A Copula Function Approach",
     publisher = "The RiskMetrics Group",
     year = 2000 }

@article{trans:regularization,
     author = "Alexander Kreinin and Marina Sidelnikova",
     title = "Regularization Algorithms for Transition Matrices",
     journal = "Algo Research Quarterly, Vol. 4, Nos. 1/2",
     year = 2001 }

@article{ccruncher:ercim78,
     author = "Gerard Torrent",
     title = "Simulating Large Portfolios of Credit: The CreditCruncher Project",
     journal = "Ercim News",
     number = "78",
     pages = "35-36",
     year = 2009 }

@conference{ccruncher:astin,
     author = "Gerard Torrent-Gironella and Josep Fortiana",
     title = "Simulation of High-Dimensional t-Student Copulas with a Given Block Correlation Matrix",
     booktitle = "ASTIN Colloquia (Madrid)",
     year = 2011 }

